<record><leader>00000cas a2200000 a 4500</leader><controlfield tag="001">13756250</controlfield><controlfield tag="008">860620c18909999okuwr ne      0    0eng d</controlfield><datafield ind1=" " ind2=" " tag="010"><subfield code="a">sn 86064082 </subfield></datafield><datafield ind1=" " ind2=" " tag="040"><subfield code="a">KSH</subfield><subfield code="b">eng</subfield><subfield code="c">KSH</subfield><subfield code="d">NPT</subfield><subfield code="d">OBN</subfield><subfield code="d">OCL</subfield><subfield code="d">OCLCQ</subfield><subfield code="d">OCLCF</subfield><subfield code="d">OCLCO</subfield></datafield><datafield ind1="1" ind2=" " tag="029"><subfield code="a">AU@</subfield><subfield code="b">000022169544</subfield></datafield><datafield ind1=" " ind2=" " tag="042"><subfield code="a">msc</subfield></datafield><datafield ind1=" " ind2=" " tag="043"><subfield code="a">n-us-ok</subfield></datafield><datafield ind1="0" ind2="0" tag="245"><subfield code="a">Hennessey clipper.</subfield></datafield><datafield ind1="3" ind2=" " tag="246"><subfield code="a">Clipper</subfield></datafield><datafield ind1=" " ind2=" " tag="260"><subfield code="a">Hennessey, Kingfisher County, Okla. :</subfield><subfield code="b">Campbell &amp; Campbell</subfield></datafield><datafield ind1=" " ind2=" " tag="300"><subfield code="a">v.</subfield></datafield><datafield ind1=" " ind2=" " tag="310"><subfield code="a">Weekly</subfield></datafield><datafield ind1="0" ind2=" " tag="362"><subfield code="a">Vol. 1, no. 1 (June 13, 1890)-</subfield></datafield><datafield ind1=" " ind2="0" tag="651"><subfield code="a">Hennessey (Okla.)</subfield><subfield code="v">Newspapers.</subfield></datafield><datafield ind1=" " ind2="0" tag="651"><subfield code="a">Kingfisher County (Okla.)</subfield><subfield code="v">Newspapers.</subfield></datafield><datafield ind1=" " ind2="7" tag="655"><subfield code="a">Newspapers.</subfield><subfield code="2">fast</subfield><subfield code="0">(OCoLC)fst01423814</subfield></datafield><datafield ind1=" " ind2="7" tag="651"><subfield code="a">Oklahoma</subfield><subfield code="z">Hennessey.</subfield><subfield code="2">fast</subfield><subfield code="0">(OCoLC)fst01876602</subfield></datafield><datafield ind1=" " ind2="7" tag="651"><subfield code="a">Oklahoma</subfield><subfield code="z">Kingfisher County.</subfield><subfield code="2">fast</subfield><subfield code="0">(OCoLC)fst01219314</subfield></datafield><datafield ind1=" " ind2=" " tag="752"><subfield code="a">United States</subfield><subfield code="b">Oklahoma</subfield><subfield code="c">Kingfisher</subfield><subfield code="d">Hennessey.</subfield></datafield><datafield ind1="0" ind2="5" tag="780"><subfield code="t">Press-democrat (Hennessey, Okla.)</subfield><subfield code="w">(DLC)sn 96093838</subfield><subfield code="w">(OCoLC)35207143</subfield></datafield><datafield ind1="0" ind2="5" tag="780"><subfield code="t">Dover news (Dover, Okla.)</subfield><subfield code="w">(DLC)sn 96093839</subfield><subfield code="w">(OCoLC)35207219</subfield></datafield></record>